@misc{bibl:prevwork_pca,
	title={A Data-Driven Investigation and Estimation of Optimal Topologies Under
	Variable Loading Configurations},
	url={},
	author={Erva Ulu, Rusheng Zhang, Levent Burak Kara}
}

@misc{prev:prevwork_cnncfd,
	title={Convolutional Neural Networks
	for Steady Flow Approximation},
	url={https://arxiv.org/abs/1511.05622},
	author={Xiaoxiao Guo, Wei Li, Francesco Iorio}
}


@misc{bibl:conv_gating,
	title={Predicting distributions with Linearizing Belief Networks},
	url={https://arxiv.org/abs/1511.05622},
	author={Yann N. Dauphin, David Grangier}
}

@misc{bibl:shortcuts,
	title={Training Very Deep Networks},
	url={https://arxiv.org/pdf/1507.06228},
	author={Rupesh Kuma, Srivastava Klaus, Greff Jurgen Schmidhuber}
}


@misc{bibl:resnet,
	title={Deep Residual Learning for Image Recognition},
	url={https://arxiv.org/abs/1512.03385},
	author={Kaiming He, Xiangyu Zhang, Shaoqing Ren, Jian Sun}
}


@misc{bibl:concat_rectif,
	title={Understanding and Improving Convolutional Neural Networks via Concatenated Rectified Linear Units},
	url={https://arxiv.org/abs/1603.05201},
	author={Wenling Shang, Kihyuk Sohn, Diogo Almeida, Honglak Leer}
}


@misc{bibl:elu,
	title={Fast and Accurate Deep Network Learning by Exponential Linear Units (ELUs)},
	url={https://arxiv.org/abs/1511.07289v1},
	author={Djork-Arne Clevert, Thomas Unterthiner, Sepp Hochreiter }
}


@misc{latex,
	title={the not so short introduction to LaTeX2U+03B5: or Latex2U+03B5 in
				 157 minutes},
    url={https://tobi.oetiker.ch/lshort/lshort.pdf},
	author={tobias oetiker}
}

@misc{tensorflow_main,
	title={Tensorflow official site},
    url={https://www.tensorflow.org/},
	author={Tensorflow},
	note = {Available at \url{https://www.tensorflow.org}, version 1.8.0}
}

@misc{scikit-fmm,
	title={SciKit-FMM site},
	url={https://pythonhosted.org/scikit-fmm/},
	author={SciKit},
	note = {Available at \url{https://pythonhosted.org/scikit-fmm}, version 1.8.0}
}

@misc{to_simp,
	title={Topology optimization: theory, methods and
	applications},
	publisher={Springer Science & Business Media},
	year={2003},
	url={},
	author={Martin Philip Bendsoe, Ole Sigmund}
}

@article{to_99line,
	title={A 99 line topology optimization code written in matlab},
	journal={Structural and Multidisciplinary Optimization},
	volume={21},
	pages={120-127},
	year={2001},
	author={Ole Sigmund}
}
		
